@article{peng_lipid_2013,
	title = {Lipid bilayer and cytoskeletal interactions in a red blood cell},
	volume = {110},
	issn = {0027-8424, 1091-6490},
	url = {http://www.pnas.org/content/110/33/13356},
	doi = {10.1073/pnas.1311827110},
	language = {en},
	number = {33},
	urldate = {2015-11-10},
	journal = {Proceedings of the National Academy of Sciences},
	author = {Peng, Zhangli and Li, Xuejin and Pivkin, Igor V. and Dao, Ming and Karniadakis, George E. and Suresh, Subra},
	month = aug,
	year = {2013},
	pmid = {23898181},
	keywords = {adhesion energy, coarse graining, erythrocyte, multiscale modeling, worm-like chain},
	pages = {13356--13361}
}

@article{li_probing_2014,
	title = {Probing red blood cell mechanics, rheology and dynamics with a two-component multi-scale model},
	volume = {372},
	issn = {1364-503X, 1471-2962},
	doi = {10.1098/rsta.2013.0389},
	language = {en},
	number = {2021},
	urldate = {2014-10-02},
	journal = {Philosophical Transactions of the Royal Society A: Mathematical, Physical and Engineering Sciences},
	author = {Li, Xuejin and Peng, Zhangli and Lei, Huan and Dao, Ming and Karniadakis, George Em},
	month = aug,
	year = {2014},
	pmid = {24982252},
	pages = {20130389}
}

@article{quinn_combined_2011,
	title = {Combined simulation and experimental study of large deformation of red blood cells in microfluidic systems},
	volume = {39},
	issn = {1573-9686},
	doi = {10.1007/s10439-010-0232-y},
	number = {3},
	journal = {Annals of Biomedical Engineering},
	author = {Quinn, David J. and Pivkin, Igor and Wong, Sophie Y. and Chiam, Keng-Hwee and Dao, Ming and Karniadakis, George Em and Suresh, Subra},
	month = mar,
	year = {2011},
	pmid = {21240637},
	pmcid = {PMC3075573},
	pages = {1041--1050}
}

@article{zhou_movement_2013,
	title = {Movement and evolution of macromolecules in a grooved micro-channel},
	volume = {6},
	issn = {1976-0426},
	doi = {10.12989/imm.2013.6.2.157},
	number = {2},
	journal = {Interaction and multiscale mechanics},
	author = {Zhou, L. W. and Liu, M. B. and Chang, J. Z.},
	month = sep,
	year = {2013},
	pages = {157--172}
}

@article{liu_dissipative_2007,
	title = {Dissipative particle dynamics simulation of multiphase fluid flow in microchannels and microchannel networks},
	volume = {19},
	issn = {1070-6631, 1089-7666},
	doi = {10.1063/1.2717182},
	number = {3},
	journal = {Physics of Fluids},
	author = {Liu, M. B. and Meakin, Paul and Huang, Hai},
	month = mar,
	year = {2007},
	pages = {033302}
}

@book{Liu_particle_2016,
	address = {New Jersey},
	title = {Particle {Methods} for {Multi}-{Scale} and {Multi}-{Physics}},
	publisher = {World Scientific},
	author = {M. B. Liu and G. R. Liu},
	year = {2015}
}

@article{revenga_boundary_1999,
	title = {Boundary conditions in dissipative particle dynamics},
	volume = {121},
	number = {1},
	urldate = {2013-04-07},
	journal = {Computer physics communications},
	author = {Revenga, M. and Zuniga, I. and Espanol, P.},
	year = {1999},
	pages = {309--311}
}


@article{lincoln_deformability-based_2004,
	title = {Deformability-based flow cytometry},
	volume = {59},
	url = {http://onlinelibrary.wiley.com/doi/10.1002/cyto.a.20050/full},
	number = {2},
	urldate = {2015-02-09},
	journal = {Cytometry Part A},
	author = {Lincoln, Bryan and Erickson, Harold M. and Schinkinger, Stefan and Wottawah, Falk and Mitchell, Daniel and Ulvick, Sydney and Bilby, Curt and Guck, Jochen},
	year = {2004},
	pages = {203--209}
}

@article{liu_microfluidic_2010,
	title = {A microfluidic device for continuous cancer cell culture and passage with hydrodynamic forces},
	volume = {10},
	journal = {Lab on a Chip},
	author = {Liu, Liyu},
	year = {2010},
	pages = {1807--1813}
}

@article{suresh_connections_2005,
	title = {Connections between single-cell biomechanics and human disease states: gastrointestinal cancer and malaria},
	volume = {1},
	shorttitle = {Connections between single-cell biomechanics and human disease states},
	number = {1},
	urldate = {2014-08-27},
	journal = {Acta biomaterialia},
	author = {Suresh, Subra and Spatz, J. and Mills, J. P. and Micoulet, Alexandre and Dao, M. and Lim, C. T. and Beil, M. and Seufferlein, T.},
	year = {2005},
	pages = {15--30}
}

@article{liu_dissipative_2014,
	title = {Dissipative Particle Dynamics ({DPD}): An Overview and Recent Developments},
        volume = {22},
        number = {4},
	journal = {Archives of Computational Methods in Engineering},
	author = {Liu, M. B. and Liu, G. R. and Zhou, L. W. and Chang, J. Z.},
	month = jul,
	year = {2015},
	pages = {529--556}
}

@article{groot_dissipative_1997,
	title = {Dissipative particle dynamics: Bridging the gap between atomistic and mesoscopic simulation},
	volume = {107},
	issn = {00219606},
	shorttitle = {Dissipative particle dynamics},
	doi = {doi:10.1063/1.474784},
	number = {11},
	urldate = {2013-04-07},
	journal = {The Journal of Chemical Physics},
	author = {Groot, Robert D. and Warren, Patrick B.},
	month = sep,
	year = {1997},
	pages = {4423--4435}
}

@article{marko_stretching_1995,
	title = {Stretching {DNA}},
	volume = {28},
	url = {http://adsabs.harvard.edu/abs/1995MaMol..28.8759M},
	doi = {10.1021/ma00130a008},
	urldate = {2015-01-12},
	journal = {Macromolecules},
	author = {Marko, John F. and Siggia, Eric D.},
	month = dec,
	year = {1995},
	pages = {8759--8770}
}

@article{hoogerbrugge_simulating_1992,
	title = {Simulating microscopic hydrodynamic phenomena with dissipative particle dynamics},
	volume = {19},
	number = {3},
	urldate = {2013-04-07},
	journal = {{EPL} (Europhysics Letters)},
	author = {Hoogerbrugge, P. J. and Koelman, JMVA},
	year = {1992},
	month = feb,
	pages = {155}
}

@article{li_afm_2008,
	title = {{AFM} indentation study of breast cancer cells},
	volume = {374},
	issn = {0006-291X},
	doi = {10.1016/j.bbrc.2008.07.078},
	number = {4},
	urldate = {2014-12-22},
	journal = {Biochemical and Biophysical Research Communications},
	author = {Li, Q. S. and Lee, G. Y. H. and Ong, C. N. and Lim, C. T.},
	month = oct,
	year = {2008},
	pages = {609--613}
}

@article{fedosov_multiscale_2010,
	title = {A multiscale red blood cell model with accurate mechanics, rheology, and dynamics},
	volume = {98},
	issn = {1542-0086},
	doi = {10.1016/j.bpj.2010.02.002},
	language = {eng},
	number = {10},
	journal = {Biophysical Journal},
	author = {Fedosov, Dmitry A. and Caswell, Bruce and Karniadakis, George Em},
	month = may,
	year = {2010},
	pmid = {20483330},
	pmcid = {PMC2872218},
	pages = {2215--2225}
}

@article{espanol_fluid_1998,
	title = {Fluid particle model},
	volume = {57},
	doi = {10.1103/PhysRevE.57.2930},
	number = {3},
	urldate = {2014-11-27},
	journal = {Physical Review E},
	author = {Español, Pep},
	month = mar,
	year = {1998},
	pages = {2930--2948}
}


@article{ye_numerical_2014,
	title = {Numerical modelling of a healthy/malaria-infected erythrocyte in shear flow using dissipative particle dynamics method},
	volume = {115},
	issn = {0021-8979, 1089-7550},
	doi = {10.1063/1.4879418},
	number = {22},
	urldate = {2014-09-09},
	journal = {Journal of Applied Physics},
	author = {Ye, Ting and Phan-Thien, Nhan and Khoo, Boo Cheong and Lim, Chwee Teck},
	month = jun,
	year = {2014},
	pages = {224701}
}


@article{skalak_strain_1973,
	title = {Strain Energy Function of Red Blood Cell Membranes},
	volume = {13},
	issn = {0006-3495},
	doi = {10.1016/S0006-3495(73)85983-1},
	number = {3},
	urldate = {2014-11-27},
	journal = {Biophysical Journal},
	author = {Skalak, R. and Tozeren, A. and Zarda, R. P. and Chien, S.},
	month = mar,
	year = {1973},
	pages = {245--264}
}

@article{ramanujan_deformation_1998,
	title = {Deformation of liquid capsules enclosed by elastic membranes in simple shear flow: large deformations and the effect of fluid viscosities},
	volume = {361},
	issn = {1469-7645},
	shorttitle = {Deformation of liquid capsules enclosed by elastic membranes in simple shear flow},
	doi = {10.1017/S0022112098008714},
	urldate = {2014-11-27},
	journal = {Journal of Fluid Mechanics},
	author = {Ramanujan, S. and Pozrikidis, C.},
	month = apr,
	year = {1998},
	pages = {117--143}
}

@article{lac_spherical_2004,
	title = {Spherical capsules in three-dimensional unbounded Stokes flows: effect of the membrane constitutive law and onset of buckling},
	volume = {516},
	issn = {1469-7645},
	shorttitle = {Spherical capsules in three-dimensional unbounded Stokes flows},
	doi = {10.1017/S002211200400062X},
	urldate = {2014-11-27},
	journal = {Journal of Fluid Mechanics},
	author = {Lac, E. and BARTH\&Egrave;S-BIESEL, D. and Pelekasis, N. A. and Tsamopoulos, J.},
	month = oct,
	year = {2004},
	pages = {303--334}
}

@book{pozrikidis_modeling_2003,
	title = {Modeling and simulation of capsules and biological cells},
	urldate = {2014-11-27},
	publisher = {{CRC} Press},
	author = {Pozrikidis, Constantine},
	year = {2003}
}

@article{lim_mechanical_2006,
	title = {Mechanical models for living cells—a review},
	volume = {39},
	issn = {0021-9290},
	doi = {10.1016/j.jbiomech.2004.12.008},
	pages = {195-216},
	number = {2},
	journaltitle = {Journal of Biomechanics},
	shortjournal = {Journal of Biomechanics},
        journal = {Journal of Biomechanics},
	author = {Lim, {C.T.} and Zhou, {E.H.} and Quek, {S.T.}},
	urldate = {2013-04-07},
	year = {2006}
}

@article{hosseini_particle-based_2009,
	title = {A particle-based model for the transport of erythrocytes in capillaries},
	volume = {64},
	issn = {0009-2509},
	doi = {10.1016/j.ces.2008.11.028},
	shorttitle = {Morton Denn Festschrift},
	pages = {4488-4497},
	number = {22},
	journaltitle = {Chemical Engineering Science},
	shortjournal = {Chemical Engineering Science},
        journal = {Chemical Engineering Science},
	author = {Hosseini, S. Majid and Feng, James J.},
	month = nov,
	year = {2009}
}

@article{li_spectrin-level_2005,
	title = {Spectrin-Level Modeling of the Cytoskeleton and Optical Tweezers Stretching of the Erythrocyte},
	volume = {88},
	issn = {0006-3495},
	doi = {10.1529/biophysj.104.047332},
	pages = {3707-3719},
	number = {5},
	journaltitle = {Biophysical Journal},
	shortjournal = {Biophysical Journal},
        journal = {Biophysical Journal},
	author = {Li, J. and Dao, M. and Lim, {C.T.} and Suresh, S.},
	urldate = {2013-04-07},
	month = may,
	year = {2005}
}

@article{pivkin_accurate_2008,
	title = {Accurate Coarse-Grained Modeling of Red Blood Cells},
	volume = {101},
	doi = {10.1103/PhysRevLett.101.118105},
	pages = {118105},
	number = {11},
	journaltitle = {Physical Review Letters},
	shortjournal = {Phys. Rev. Lett.},
        journal = {Physical Review Letters},
	author = {Pivkin, Igor V. and Karniadakis, George Em},
	urldate = {2013-04-07},
	date = {2008-09-12},
	month = sep,
	year = {2008}
}

@article{dzwinel_discrete-particle_2003,
	title = {A discrete-particle model of blood dynamics in capillary vessels},
	volume = {258},
	issn = {0021-9797},
	doi = {10.1016/S0021-9797(02)00075-9},
	pages = {163-173},
	number = {1},
	journaltitle = {Journal of Colloid and Interface Science},
	shortjournal = {Journal of Colloid and Interface Science},
        journal = {Journal of Colloid and Interface Science},
	author = {Dzwinel, Witold and Boryczko, Krzysztof and Yuen, David A.},
	month = feb,
	year = {2003}
}

@article{leong_modeling_2011,
	title = {Modeling cell entry into a micro-channel},
	volume = {10},
	pages = {755–766},
	number = {5},
	journal = {Biomechanics and modeling in mechanobiology},
	author = {Leong, Fong Yew and Li, Qingsen and Lim, Chwee Teck and Chiam, Keng-Hwee},
	urldate = {2013-04-10},
	date = {2011},
	year = {2011}
}

@article{fedosov_systematic_2010,
	title = {Systematic coarse-graining of spectrin-level red blood cell models},
	volume = {199},
	pages = {1937–1948},
	number = {29},
	journal = {Computer Methods in Applied Mechanics and Engineering},
	author = {Fedosov, Dmitry A. and Caswell, Bruce and Karniadakis, George Em},
	urldate = {2013-07-02},
	date = {2010},
	year = {2010}
}

@article{yeung_cortical_1989,
	title = {Cortical shell-liquid core model for passive flow of liquid-like spherical cells into micropipets.},
	volume = {56},
	issn = {0006-3495},
	pages = {139-149},
	number = {1},
	journaltitle = {Biophysical Journal},
	shortjournal = {Biophys J},
        journal = {Biophysical Journal},
	author = {Yeung, A and Evans, E},
	urldate = {2013-12-08},
	date = {1989-07},
	month = jul,
	year = {1989}
}

@article{suresh_mechanical_2006,
	title = {Mechanical response of human red blood cells in health and disease: Some structure-property-function relationships},
	volume = {21},
	doi = {10.1557/jmr.2006.0260},
	shorttitle = {Mechanical response of human red blood cells in health and disease},
	pages = {1871-1877},
	number = {8},
	journal = {Journal of Materials Research},
	author = {Suresh, S.},
	date = {2006},
	year = {2006}
}

@article{lee_biomechanics_2007,
	title = {Biomechanics approaches to studying human diseases},
	volume = {25},
	issn = {0167-7799},
	doi = {10.1016/j.tibtech.2007.01.005},
	pages = {111-118},
	number = {3},
	journaltitle = {Trends in Biotechnology},
	shortjournal = {Trends in Biotechnology},
        journal = {Trends in Biotechnology},
	author = {Lee, Gabriel {Y.H.} and Lim, Chwee T.},
	date = {2007-03},
	month = mar,
	year = {1997}
}

@article{bathe_neutrophil_2002,
	title = {Neutrophil Transit Times through Pulmonary Capillaries: The Effects of Capillary Geometry and {fMLP-Stimulation}},
	volume = {83},
	issn = {0006-3495},
	doi = {10.1016/S0006-3495(02)73955-6},
	shorttitle = {Neutrophil Transit Times through Pulmonary Capillaries},
	pages = {1917-1933},
	number = {4},
	journaltitle = {Biophysical Journal},
	shortjournal = {Biophysical Journal},
        journal = {Biophysical Journal},
	author = {Bathe, Mark and Shirai, Atsushi and Doerschuk, Claire M. and Kamm, Roger D.},
	urldate = {2013-12-09},
	date = {2002-10},
	month = oct,
	year = {2002}
}

@article{hou_deformability_2009,
	title = {Deformability study of breast cancer cells using microfluidics},
	volume = {11},
	issn = {1387-2176, 1572-8781},
	doi = {10.1007/s10544-008-9262-8},
	pages = {557-564},
	number = {3},
	journaltitle = {Biomedical Microdevices},
	shortjournal = {Biomed Microdevices},
        journal = {Biomed Microdevices},
	author = {Hou, H. W. and Li, Q. S. and Lee, G. Y. H. and Kumar, A. P. and Ong, C. N. and Lim, C. T.},
	urldate = {2013-12-09},
	date = {2009-06-01},
	langid = {english},
	month = jun,
	year = {2009}
}

@article{suresh_biomechanics_2007,
	title = {Biomechanics and biophysics of cancer cells},
	volume = {55},
	issn = {1359-6454},
	doi = {10.1016/j.actamat.2007.04.022},
	pages = {3989-4014},
	number = {12},
	journal = {Acta Materialia},
	author = {Suresh, Subra},
	urldate = {2013-12-09},
	date = {2007-07},
	month = jul,
	year = {2007}
}

@article{schmid-schonbein_passive_1981,
	title = {Passive mechanical properties of human leukocytes},
	volume = {36},
	issn = {0006-3495},
	doi = {10.1016/S0006-3495(81)84726-1},
	pages = {243-256},
	number = {1},
	journal = {Biophysical Journal},
	author = {Schmid-Schönbein, {G.W.} and Sung, {K.L.} and Tözeren, H. and Skalak, R. and Chien, S.},
	urldate = {2013-12-09},
	date = {1981-10},
	month = oct,
	year = {1981}
}

@article{theret_application_1988,
	title = {The Application of a Homogeneous Half-Space Model in the Analysis of Endothelial Cell Micropipette Measurements},
	volume = {110},
	issn = {01480731},
	doi = {10.1115/1.3108430},
	pages = {190},
	number = {3},
	journal = {Journal of Biomechanical Engineering},
	author = {Theret, D. P. and Levesque, M. J. and Sato, M. and Nerem, R. M. and Wheeler, L. T.},
	year = {1988}
}

@article{mijailovich_finite_2002,
	title = {A finite element model of cell deformation during magnetic bead twisting},
	volume = {93},
	issn = {8750-7587, 1522-1601},
	doi = {10.1152/japplphysiol.00255.2002},
	pages = {1429-1436},
	number = {4},
        journal = {Journal of Applied Physiology},
	journaltitle = {Journal of Applied Physiology},
	shortjournal = {J Appl Physiol},
	author = {Mijailovich, Srboljub M. and Kojic, Milos and Zivkovic, Miroslav and Fabry, Ben and Fredberg, Jeffrey J.},
	month = oct,
	year = {2002}
}

@article{jones_alterations_1999,
	title = {Alterations in the Young’s modulus and volumetric properties of chondrocytes isolated from normal and osteoarthritic human cartilage},
	volume = {32},
	issn = {0021-9290},
	doi = {10.1016/S0021-9290(98)00166-3},
	pages = {119-127},
	number = {2},
	journal = {Journal of Biomechanics},
	author = {Jones, Wendy R. and Ping Ting-Beall, H. and Lee, Greta M. and Kelley, Scott S. and Hochmuth, Robert M. and Guilak, Farshid},
	urldate = {2013-12-09},
	date = {1999-02},
	month = feb,
	year = {1999}
}

@article{evans_apparent_1989,
	title = {Apparent viscosity and cortical tension of blood granulocytes determined by micropipet aspiration.},
	volume = {56},
	issn = {0006-3495},
	pages = {151-160},
	number = {1},
	journaltitle = {Biophysical Journal},
	shortjournal = {Biophys J},
        journal = {Biophysical Journal},
	author = {Evans, E and Yeung, A},
	urldate = {2013-12-09},
	date = {1989-07},
	month = jul,
	year = {1989}
}

@article{tran-son-tay_rheological_1998,
	title = {Rheological modelling of leukocytes},
	volume = {36},
	issn = {0140-0118, 1741-0444},
	doi = {10.1007/BF02510753},
	pages = {246-250},
	number = {2},
	journaltitle = {Medical and Biological Engineering and Computing},
	shortjournal = {Med. Biol. Eng. Comput.},
        journal = {Medical and Biological Engineering and Computing},
	author = {Tran-Son-Tay, Prof R. and Kan, H.-C. and Udaykumar, H. S. and Damay, E. and Shyy, W.},
	urldate = {2013-12-09},
	date = {1998-03-01},
	langid = {english},
	month = mar,
	year = {1998}
}

@article{kan_hydrodynamics_1998,
	title = {Hydrodynamics of a compound drop with application to leukocyte modeling},
	volume = {10},
	issn = {1070-6631, 1089-7666},
	doi = {10.1063/1.869601},
	pages = {760-774},
	number = {4},
	journal = {Physics of Fluids},
	author = {Kan, Heng-Chuan and Udaykumar, H. S. and Shyy, Wei and Tran-Son-Tay, Roger},
	urldate = {2013-12-09},
	date = {1998-04-01},
	month = apr,
	year = {1998}
}

@article{agresar_adaptive_1998,
	title = {An Adaptive, Cartesian, Front-Tracking Method for the Motion, Deformation and Adhesion of Circulating Cells},
	volume = {143},
	issn = {0021-9991},
	doi = {10.1006/jcph.1998.5967},
	pages = {346-380},
	number = {2},
	journal = {Journal of Computational Physics},
	author = {Agresar, G. and Linderman, {J.J.} and Tryggvason, G. and Powell, {K.G.}},
	urldate = {2013-12-09},
	date = {1998-07-01},
	month = jul,
	year = {1998}
}

@article{kan_effects_1999,
	title = {Effects of nucleus on leukocyte recovery},
	volume = {27},
	issn = {0090-6964},
	pages = {648-655},
	number = {5},
        journal = {Annals of biomedical engineering},
	journaltitle = {Annals of biomedical engineering},
	shortjournal = {Ann Biomed Eng},
	author = {Kan, H C and Shyy, W and Udaykumar, H S and Vigneron, P and Tran-Son-Tay, R},
	date = {1999-10},
	langid = {english},
	month = oct,
	year = {1999}
}

@article{ndri_computational_2003,
	title = {Computational Modeling of Cell Adhesion and Movement Using a Continuum-Kinetics Approach},
	volume = {85},
	issn = {0006-3495},
	pages = {2273-2286},
	number = {4},
        journal = {Biophysical Journal},
	journaltitle = {Biophysical Journal},
	shortjournal = {Biophys J},
	author = {{N'Dri}, N. A. and Shyy, W. and Tran-Son-Tay, R.},
	urldate = {2013-12-09},
	date = {2003-10},
	month = oct,
	year = {2003}
}

@article{discher_simulations_1998,
	title = {Simulations of the erythrocyte cytoskeleton at large deformation. {II.} Micropipette aspiration.},
	volume = {75},
	issn = {0006-3495},
	pages = {1584-1597},
	number = {3},
        journal = {Biophysical Journal},
	journaltitle = {Biophysical Journal},
	shortjournal = {Biophys J},
	author = {Discher, D E and Boal, D H and Boey, S K},
	urldate = {2013-12-09},
	date = {1998-09},
	month = sep,
	year = {1998}
}

@article{tomaiuolo_methodology_2007,
	title = {A methodology to study the deformability of red blood cells flowing in microcapillaries in vitro},
	volume = {43},
	issn = {0021-2571},
	pages = {186-192},
	number = {2},
        journal = {Annali {dell'Istituto} superiore di sanità},
	journaltitle = {Annali {dell'Istituto} superiore di sanità},
	shortjournal = {Ann. Ist. Super. Sanita},
	author = {Tomaiuolo, Giovanna and Preziosi, Valentina and Simeone, Marino and Guido, Stefano and Ciancia, Rosanna and Martinelli, Vincenzo and Rinaldi, Ciro and Rotoli, Bruno},
	date = {2007},
	langid = {english},
	year = {2007}
}

@article{hochmuth_viscosity_1993,
	title = {Viscosity of passive human neutrophils undergoing small deformations.},
	volume = {64},
	issn = {0006-3495},
	pages = {1596-1601},
	number = {5},
        journal = {Biophysical Journal},
	journaltitle = {Biophysical Journal},
	shortjournal = {Biophys J},
	author = {Hochmuth, R M and Ting-Beall, H P and Beaty, B B and Needham, D and Tran-Son-Tay, R},
	urldate = {2013-12-09},
	date = {1993-05},
	month = may,
	year = {1993}
}

@article{marella_computational_2003,
	title = {Computational analysis of the deformability of leukocytes modeled with viscous and elastic structural components},
	volume = {16},
	issn = {1070-6631, 1089-7666},
	doi = {10.1063/1.1629691},
	pages = {244-264},
	number = {2},
	journal = {Physics of Fluids (1994-present)},
	author = {Marella, Saikrishna V. and Udaykumar, H. S.},
	urldate = {2013-12-09},
	date = {2003-12-15},
	month = dec,
	year = {2003}
}

@article{fedosov_wall_2011,
	title = {Wall shear stress-based model for adhesive dynamics of red blood cells in malaria},
	volume = {100},
	issn = {1542-0086},
	doi = {10.1016/j.bpj.2011.03.027},
	pages = {2084-2093},
	number = {9},
        journal = {Biophysical journal},
	journaltitle = {Biophysical journal},
	shortjournal = {Biophys. J.},
	author = {Fedosov, Dmitry A and Caswell, Bruce and Karniadakis, George Em},
	date = {2011-05-04},
	langid = {english},
	month = may,
	year = {2011}
}

@article{espanol_statistical_1995,
	title = {Statistical Mechanics of Dissipative Particle Dynamics},
	volume = {30},
	issn = {0295-5075},
	doi = {10.1209/0295-5075/30/4/001},
	pages = {191},
	number = {4},
        journal = {Europhysics Letters}, 
	journaltitle = {{EPL} (Europhysics Letters)},
	shortjournal = {{EPL}},
	author = {Español, P. and Warren, P.},
	urldate = {2014},
	date = {1995-05-01},
	langid = {english},
	month = may,
	year = {1995}
}


@article{fan_simulating_2006,
	title = {Simulating flow of {DNA} suspension using dissipative particle dynamics},
	volume = {18},
	pages = {063102},
	journaltitle = {Physics of Fluids},
        journal = {Physics of Fluids},
	author = {Fan, Xijun and Phan-Thien, Nhan and Chen, Shuo and Wu, Xuhong and Ng, Teng Yong},
	urldate = {2013-04-07},
	date = {2006},
	year = {2006}
}


@article{dao_molecularly_2006,
	title = {Molecularly based analysis of deformation of spectrin network and human erythrocyte},
	volume = {26},
	pages = {1232–1244},
	number = {8},
	journal = {Materials Science and Engineering: C},
	author = {Dao, M. and Li, J. and Suresh, S.},
	urldate = {2013-10-10},
	date = {2006},
	year = {2006}
}

@article{helfrich_elastic_1973,
	title = {Elastic properties of lipid bilayers: theory and possible experiments},
	volume = {28},
	issn = {0341-0471},
	shorttitle = {Elastic properties of lipid bilayers},
	language = {eng},
	number = {11},
	journal = {Zeitschrift fur Naturforschung. Teil C: Biochemie, Biophysik, Biologie, Virologie},
	author = {Helfrich, W},
	month = dec,
	year = {1973},
	pages = {693--703}
}

@article{evans_entropy-driven_1990,
	title = {Entropy-driven tension and bending elasticity in condensed-fluid membranes},
	volume = {64},
	doi = {10.1103/PhysRevLett.64.2094},
	pages = {2094-2097},
	number = {17},
        journal = {Physical Review Letters},
	journaltitle = {Physical Review Letters},
	shortjournal = {Phys. Rev. Lett.},
	author = {Evans, E. and Rawicz, W.},
	urldate = {2014-02-16},
	date = {1990-04-23},
	month = apr,
	year = {1990}
}
